@article{borges,
    author =       "André Borges and Robert Vidigal",
    title =        "{Do lulismo ao antipetismo? Polarizaçãop, partidarismo e voto nas eleições presidenciais brasileiras}",
    journal =      "Opinião Pública",
    volume =       "24",
    number =       "1",
    pages =        "53-89",
    year =         "2018",
    DOI =          ""}

@book{kellstedt_whitten,
    address = "São Paulo",
    author = "Paul Kellstedt and Guy Whitten",
    publisher = "Blucher",
    title = "{Fundamentos da Pesquisa em Ciência Política}",
    year = "2015"}

@book{degroot,
    address = "London",
    author = "Morris DeGroot and Mark Schervish",
    publisher = "Pearson",
    title = "{Probability and Statistics}",
    year = "2014"}

@book{downs,
    address = "New York",
    author = "Anthony Downs",
    publisher = "Harper & Row",
    title = "{An Economic Theory of Democracy}",
    year = "1957"}