@inbook{lazarsfeld_berelson_gaudet,
    address = "Buenos Aires",
    author = "Paul Lazarsfeld and Felix Berelson and Bernard Gaudet",
    publisher = "Ediciones 3",
    booktitle = "{El pueblo elige. Estudio del proceso de formación del voto durante una campaña presidencial}",
    title = "{Prefacio a la segunda edición (p. 1-23) e El efecto de activación (p. 121-136)}",
    year = "1962"}

@incollection{philip_converse,
    author = {Philip Converse},
    title = {Os sistemas de crença},
    editor = {Fernando Henrique Cardoso and Carlos Estevam Martins},
    booktitle = {Política e Sociedade},
    series = {},
    volume = {},
    chapter = {},
    pages = {},
    publisher = {Companhia Editora Nacional},
    address = {São Paulo},
    year = 1979,
    pages = "144-151"
} 

@article{gabriel_almond,
    author =       "Gabriel Almond",
    title =        "{Public Opinion and National Security Policy}",
    journal =      "The Public Opinion Quarterly",
    volume =       "20",
    number =       "2",
    pages =        "371-378",
    year =         "Summer 1956",
    DOI =          ""
}

@inbook{downs,
    address = "São Paulo",
    author = "Anthony Downs",
    publisher = "Editora da Universidade de São Paulo",
    booktitle = "{Uma teoria econômica da democracia}",
    title = "{Introdução e Cap. 8 --- A estática e a dinâmica das ideologias partidárias}",
    year = "2013"}

@article{marcus_figueiredo,
    author =       "Marcus Figueiredo",
    title =        "{A decisão do voto, Introdução}",
    journal =      "Revista Compolítica",
    volume =       "1",
    number =       "4",
    year =         "2014",
    address =          "Rio de Janeiro"
}

@article{converse_1964,
    author =       "Philip Converse",
    title =        "{The nature of belief systems in mass publics (1964)}",
    journal =      "Critical Review",
    volume =       "18",
    number =       "1-3",
    pages =        "1-74",
    year =         "2006",
    DOI =          "10.1080/08913810608443650"
}

@inbook{campbell,
    address = "Chicago",
    author = "Angus Campbell and Philip Converse and Warren Miller and Donald Stokes",
    publisher = "University of Chicago Press",
    booktitle = "{The American Voter}",
    title = "{Theoretical orientation}",
    year = "1960"}

@inbook{almond_1970,
    address = "Madrid",
    author = "Gabriel Almond and Sidney Verba",
    publisher = "La Editorial Católica",
    booktitle = "{La Cultura Civica}",
    title = "{Presentacion, Prologo e Un enfoque sobre la Cultura Politica}",
    year = "1970"}